@arxiv{arxivExample,
    title={An Citation Example for Publications on Arxiv},
    author={H. Bartolomä and L. Murphy},
    year={2023},
    eprint={XXXX.YYYYY},
    archivePrefix={arXiv},
    JOURNALTITLE = {submitted to Journal XYZ, preliminary version published on arXiv}
}

@thesis{thesisExample,
   author = {J. Doe},
   title={minimalthesis – The Title and a very lengthy Subtitle of the Thesis},
   type = {PhD Thesis},
   institution={University XYZ},
   year={2023}
}

