@article{testOneAuthor, 
  author = "Tibatong, H.",
  title = "The first Single Author Paper",
  year = "1969"
}

@article{testTwoAuthors, 
  author = "Tibatong, H. and Bartolomä, H.",
  title = "The first Tibatong et Bartolomä Paper of the Year",
  year = "1969"
}

@article{testThreeAuthors, 
  author = "Tibatong, H. and Bartolomä, H. and Murphy, L.",
  title = "The first Tibatong, Bartolomä et Murphy Paper of the Year",
   year = "1969"
}

@article{testTwoAuthorsSameYear, 
  author = "Tibatong, H. and Bartolomä, H.",
  title = "The second Tibatong et Bartolomä Paper of the Year",
  year = "1969"
}


